<record><leader>00000cas a22000007a 4500</leader><controlfield tag="001">39518611</controlfield><controlfield tag="008">980721c19989999gaumr ne      0   a0eng c</controlfield><controlfield tag="009">467</controlfield><datafield ind1=" " ind2=" " tag="010"><subfield code="a">sn 98008016 </subfield></datafield><datafield ind1=" " ind2=" " tag="040"><subfield code="a">NSD</subfield><subfield code="b">eng</subfield><subfield code="c">NSD</subfield><subfield code="d">OCLCQ</subfield></datafield><datafield ind1=" " ind2=" " tag="012"><subfield code="l">1</subfield></datafield><datafield ind1="1" ind2=" " tag="022"><subfield code="a">1520-5223</subfield><subfield code="l">1520-5223</subfield><subfield code="2">1</subfield></datafield><datafield ind1=" " ind2=" " tag="037"><subfield code="b">Good Tidings Publications, 3479 Memorial Drive, Suite 7BW4, Decatir, GA 30032</subfield></datafield><datafield ind1=" " ind2=" " tag="042"><subfield code="a">nsdp</subfield><subfield code="a">pcc</subfield></datafield><datafield ind1="0" ind2=" " tag="130"><subfield code="a">Good tidings (Decatur, Ga.)</subfield></datafield><datafield ind1=" " ind2="0" tag="222"><subfield code="a">Good tidings</subfield><subfield code="b">(Decatur, Ga.)</subfield></datafield><datafield ind1="0" ind2="0" tag="245"><subfield code="a">Good tidings.</subfield></datafield><datafield ind1=" " ind2=" " tag="260"><subfield code="a">Decatur, GA :</subfield><subfield code="b">Good Tidings Publications,</subfield><subfield code="c">c1998-</subfield></datafield><datafield ind1=" " ind2=" " tag="300"><subfield code="a">v.</subfield></datafield><datafield ind1=" " ind2=" " tag="310"><subfield code="a">Monthly</subfield></datafield><datafield ind1="0" ind2=" " tag="362"><subfield code="a">Vol. 1, no. 1 (June 1998)-</subfield></datafield><datafield ind1=" " ind2=" " tag="752"><subfield code="a">United States</subfield><subfield code="b">Georgia</subfield><subfield code="c">De Kalb</subfield><subfield code="d">Decatur.</subfield></datafield></record>